@phdthesis{Oreglia:1980cs,
      author         = "Oreglia, M.",
      title          = "{A Study of the Reactions $\psi^\prime \to \gamma \gamma \psi$}",
      school         = "SLAC",
      url            = "http://www-public.slac.stanford.edu/sciDoc/docMeta.aspx?slacPubNumber=slac-r-236.html",
      year           = "1980",
      reportNumber   = "SLAC-0236, UMI-81-08973, SLAC-R-0236, SLAC-R-236",
      SLACcitation   = "%%CITATION = SLAC-0236;%%"
}

@phdthesis{Skwarnicki:1986xj,
      author         = "Skwarnicki, Tomasz",
      title          = "{A study of the radiative CASCADE transitions between the Upsilon-Prime and Upsilon resonances}",
      school         = "Cracow, INP",
      year           = "1986",
      url            = "http://lss.fnal.gov/cgi-bin/find_paper.pl?other/thesis/skwarnicki.pdf",
      reportNumber   = "DESY-F31-86-02",
      SLACcitation   = "%%CITATION = DESY-F31-86-02;%%"
}

@article{Khachatryan2015560,
title = "{Search for resonant pair production of Higgs bosons decaying to two bottom quark-antiquark pairs in proton-proton collisions at 8 TeV}",
journal = "Phys. Lett. B",
volume = "749",
pages = "560",
year = "2015",
doi = "http://dx.doi.org/10.1016/j.physletb.2015.08.047",
url = "http://www.sciencedirect.com/science/article/pii/S0370269315006486",
author = "CMS Collaboration"
}

